@article{martin2019,
  title={Clinical use of current polygenic risk scores may exacerbate health disparities},
  author={Martin, Alicia R and Kanai, Masahiro and Kamatani, Yoichiro and Okada, Yukinori and Neale, Benjamin M and Daly, Mark J},
  journal={Nature genetics},
  volume={51},
  number={4},
  pages={584},
  year={2019},
  publisher={Nature Publishing Group}
}

@article{berisa2016,
  title={Approximately independent linkage disequilibrium blocks in human populations},
  author={Berisa, Tomaz and Pickrell, Joseph K},
  journal={Bioinformatics},
  volume={32},
  number={2},
  pages={283},
  year={2016},
  publisher={Oxford University Press}
}
